@inproceedings{lee2015dangnull,
	title={Preventing use-after-free with dangling pointers nullification},
	author={Lee, Byoungyoung and Song, Chengyu and Jang, Yeongjin and Wang, Tielei and Kim, Taesoo and Lu, Long and Lee, Wenke},
	booktitle={Proceedings of the 2015 Internet Society Symposium on Network and Distributed Systems Security},
	year={2015}
}

@inproceedings{younan2015freesentry,
	title={FreeSentry: Protecting Against Use-After-Free Vulnerabilities Due to Dangling Pointers},
	author={Younan, Yves},
	booktitle={Proceedings of the 2015 Internet Society Symposium on Network and Distributed Systems Security},
	year={2015}
}

@inproceedings{istvan2016metalloc,
	author = {Haller, Istvan and van der Kouwe, Erik and Giuffrida, Cristiano and Bos, Herbert},
	title = {METAlloc: Efficient and Comprehensive Metadata Management for Software Security Hardening},
	booktitle = {Proceedings of the 9th European Workshop on System Security},
	series = {EuroSec '16},
	year = {2016},
	isbn = {978-1-4503-4295-7},
	location = {London, United Kingdom},
	pages = {5:1--5:6},
	articleno = {5},
	numpages = {6},
	url = {http://doi.acm.org/10.1145/2905760.2905766},
	doi = {10.1145/2905760.2905766},
	acmid = {2905766},
	publisher = {ACM},
	address = {New York, NY, USA},
} 
