@inproceedings{istvan2016metalloc,
	title={METAlloc: efficient and comprehensive metadata management for software security hardening},
	author={Haller, Istvan and Erik van der Kouwe and Giuffrida, Cristiano},
	year={2008},
	organization={IEEE}
}

@inproceedings{lee2015dangnull,
	title={Preventing use-after-free with dangling pointers nullification},
	author={Lee, Byoungyoung and Song, Chengyu and Jang, Yeongjin and Wang, Tielei and Kim, Taesoo and Lu, Long and Lee, Wenke},
	booktitle={Proceedings of the 2015 Internet Society Symposium on Network and Distributed Systems Security},
	year={2015}
}

@inproceedings{younan2015freesentry,
	title={FreeSentry: Protecting Against Use-After-Free Vulnerabilities Due to Dangling Pointers},
	author={Younan, Yves},
	booktitle={Proceedings of the 2015 Internet Society Symposium on Network and Distributed Systems Security},
	year={2015}
}

@inproceedings{lattner2004llvm,
	title={LLVM: A compilation framework for lifelong program analysis \& transformation},
	author={Lattner, Chris and Adve, Vikram},
	booktitle={Code Generation and Optimization, 2004. CGO 2004. International Symposium on},
	pages={75--86},
	year={2004},
	organization={IEEE}
}

@inproceedings{necula2002cil,
	title={CIL: Intermediate language and tools for analysis and transformation of C programs},
	author={Necula, George C and McPeak, Scott and Rahul, Shree P and Weimer, Westley},
	booktitle={International Conference on Compiler Construction},
	pages={213--228},
	year={2002},
	organization={Springer}
}

@article{serna2012info,
	title={The info leak era on software exploitation},
	author={Serna, Fermin J},
	journal={Black Hat USA},
	year={2012}
}

@misc{CVEMitre,
	title = {CWE-416: Use After Free},
	howpublished = {\url{https://cwe.mitre.org/data/definitions/416.html}},
	note = {Accessed: 2016-09-18}
}

@misc{NVDNist,
	title = {National Vulnerability Database. {NIST}},
	howpublished = {\url{https://nvd.nist.gov/}},
	note = {Accessed: 2016-09-18}
}

@misc{freesentrypppt,
	title = {FreeSentry: protecting	against	use-after-free vulnerabilities due to dangling pointers},
	howpublished = {\url{http://fort-knox.org/files/CSW2015.pdf}},
	note = {Accessed: 2016-09-18}
}

@article{tutorial2010internet,
	title={Internet Explorer Use After Free Aurora Vulnerability},
	author={Tutorial, Heap Spray Exploit},
	journal={URL http://grey-corner. blogspot. com/2010/01/heap-spray-exploit-tutorial-internet. html}
}

@misc{danglingptrfun,
	title = {{Dangling Pointer}: Smashing the pointer for fun and profit},
	howpublished = {\url{https://www.blackhat.com/presentations/bh-usa-07/Afek/Whitepaper/bh-usa-07-afek-WP.pdf}},
	note = {Accessed: 2016-09-18}
}

@inproceedings{caballero2012undangle,
	title={Undangle: early detection of dangling pointers in use-after-free and double-free vulnerabilities},
	author={Caballero, Juan and Grieco, Gustavo and Marron, Mark and Nappa, Antonio},
	booktitle={Proceedings of the 2012 International Symposium on Software Testing and Analysis},
	pages={133--143},
	year={2012},
	organization={ACM}
}

@misc{IRCVE,
	title = {Defence in Depth:},
	howpublished = {Internet Explorer 0-Day: CVE-2010-3971.},
	note = {January 2011}
}

@inproceedings{nagarakatte2010cets,
  title={CETS: compiler enforced temporal safety for C},
  author={Nagarakatte, Santosh and Zhao, Jianzhou and Martin, Milo MK and Zdancewic, Steve},
  booktitle={ACM Sigplan Notices},
  volume={45},
  number={8},
  pages={31--40},
  year={2010},
  organization={ACM}
}

@article{feist2014statically,
  title={Statically detecting use after free on binary code},
  author={Feist, Josselin and Mounier, Laurent and Potet, Marie-Laure},
  journal={Journal of Computer Virology and Hacking Techniques},
  volume={10},
  number={3},
  pages={211--217},
  year={2014},
  publisher={Springer}
}

@inproceedings{younan2010paricheck,
  title={PAriCheck: an efficient pointer arithmetic checker for C programs},
  author={Younan, Yves and Philippaerts, Pieter and Cavallaro, Lorenzo and Sekar, R and Piessens, Frank and Joosen, Wouter},
  booktitle={Proceedings of the 5th ACM Symposium on Information, Computer and Communications Security},
  pages={145--156},
  year={2010},
  organization={ACM}
}

@inproceedings{valois1995lock,
  title={Lock-free linked lists using compare-and-swap},
  author={Valois, John D},
  booktitle={Proceedings of the fourteenth annual ACM symposium on Principles of distributed computing},
  pages={214--222},
  year={1995},
  organization={ACM}
}

@inproceedings{kuznetsov2014code,
  title={Code-pointer integrity},
  author={Kuznetsov, Volodymyr and Szekeres, L{\'a}szl{\'o} and Payer, Mathias and Candea, George and Sekar, R and Song, Dawn},
  booktitle={11th USENIX Symposium on Operating Systems Design and Implementation (OSDI 14)},
  pages={147--163},
  year={2014}
}

@misc{OpenSSLCVE,
	title = {Double free vulnerability in the },
	howpublished = {\url{http://cve.mitre.org/cgi-bin/cvename.cgi?name=cve-2010-2939}},
	note = {Accessed: 2016-09-18}
}

@misc{ghemawat2009tcmalloc,
  title={Tcmalloc: Thread-caching malloc},
  author={Ghemawat, Sanjay and Menage, Paul},
  year={2009},
  howpublished={\url{http://goog-perftools.sourceforge.net/doc/tcmalloc.html}}
}

@inproceedings{berdine2011slayer,
  title={SLAyer: Memory safety for systems-level code},
  author={Berdine, Josh and Cook, Byron and Ishtiaq, Samin},
  booktitle={International Conference on Computer Aided Verification},
  pages={178--183},
  year={2011},
  organization={Springer}
}

@inproceedings{serebryany2012addresssanitizer,
  title={AddressSanitizer: a fast address sanity checker},
  author={Serebryany, Konstantin and Bruening, Derek and Potapenko, Alexander and Vyukov, Dmitriy},
  booktitle={Presented as part of the 2012 USENIX Annual Technical Conference (USENIX ATC 12)},
  pages={309--318},
  year={2012}
}

@inproceedings{akritidis2010cling,
  title={Cling: A Memory Allocator to Mitigate Dangling Pointers.},
  author={Akritidis, Periklis}
}

@inproceedings{novark2010dieharder,
  title={DieHarder: securing the heap},
  author={Novark, Gene and Berger, Emery D},
  booktitle={Proceedings of the 17th ACM conference on Computer and communications security},
  pages={573--584},
  year={2010},
  organization={ACM}
}

@inproceedings{nethercote2007valgrind,
  title={Valgrind: a framework for heavyweight dynamic binary instrumentation},
  author={Nethercote, Nicholas and Seward, Julian},
  booktitle={ACM Sigplan notices},
  volume={42},
  number={6},
  pages={89--100},
  year={2007},
  organization={ACM}
}

@inproceedings{hastings1991purify,
  title={Purify: Fast detection of memory leaks and access errors},
  author={Hastings, Reed and Joyce, Bob},
  booktitle={In proc. of the winter 1992 usenix conference},
  year={1991},
  organization={Citeseer}
}

@inproceedings{eigler2003mudflap,
  title={Mudflap: Pointer Use Checking for C/C+},
  author={Eigler, Frank Ch},
  booktitle={GCC Developers Summit},
  pages={57},
  year={2003},
  organization={Citeseer}
}

@inproceedings{jim2002cyclone,
  title={Cyclone: A Safe Dialect of C.},
  author={Jim, Trevor and Morrisett, J Gregory and Grossman, Dan and Hicks, Michael W and Cheney, James and Wang, Yanling},
  booktitle={USENIX Annual Technical Conference, General Track},
  pages={275--288},
  year={2002}
}

@article{necula2005ccured,
  title={CCured: type-safe retrofitting of legacy software},
  author={Necula, George C and Condit, Jeremy and Harren, Matthew and McPeak, Scott and Weimer, Westley},
  journal={ACM Transactions on Programming Languages and Systems (TOPLAS)},
  volume={27},
  number={3},
  pages={477--526},
  year={2005},
  publisher={ACM}
}

@inproceedings{dhurjati2006efficiently,
  title={Efficiently detecting all dangling pointer uses in production servers},
  author={Dhurjati, Dinakar and Adve, Vikram},
  booktitle={International Conference on Dependable Systems and Networks (DSN'06)},
  pages={269--280},
  year={2006},
  organization={IEEE}
}

@inproceedings{rosenblum1991design,
  title={The design and implementation of a log-structured file system},
  author={Rosenblum, Mendel and Ousterhout, John K},
  booktitle={ACM SIGOPS Operating Systems Review},
  volume={25},
  number={5},
  pages={1--15},
  year={1991},
  organization={ACM}
}
