@inproceedings{akritidis2008preventing,
  title={Preventing memory error exploits with WIT},
  author={Akritidis, Periklis and Cadar, Cristian and Raiciu, Costin and Costa, Manuel and Castro, Miguel},
  booktitle={Security and Privacy, 2008. SP 2008. IEEE Symposium on},
  pages={263--277},
  year={2008},
  organization={IEEE}
}

@inproceedings{akritidis2009baggy,
  title={Baggy Bounds Checking: An Efficient and Backwards-Compatible Defense against Out-of-Bounds Errors.},
  author={Akritidis, Periklis and Costa, Manuel and Castro, Miguel and Hand, Steven},
  booktitle={USENIX Security Symposium},
  pages={51--66},
  year={2009}
}

@inproceedings{carlini2015control,
  title={Control-flow bending: On the effectiveness of control-flow integrity},
  author={Carlini, Nicholas and Barresi, Antonio and Payer, Mathias and Wagner, David and Gross, Thomas R},
  booktitle={24th USENIX Security Symposium (USENIX Security 15)},
  pages={161--176},
  year={2015}
}

@inproceedings{dhurjati2006backwards,
  title={Backwards-compatible array bounds checking for C with very low overhead},
  author={Dhurjati, Dinakar and Adve, Vikram},
  booktitle={Proceedings of the 28th international conference on Software engineering},
  pages={162--171},
  year={2006},
  organization={ACM}
}

@inproceedings{evans2015control,
  title={Control jujutsu: On the weaknesses of fine-grained control flow integrity},
  author={Evans, Isaac and Long, Fan and Otgonbaatar, Ulziibayar and Shrobe, Howard and Rinard, Martin and Okhravi, Hamed and Sidiroglou-Douskos, Stelios},
  booktitle={Proceedings of the 22nd ACM SIGSAC Conference on Computer and Communications Security},
  pages={901--913},
  year={2015},
  organization={ACM}
}

@misc{ghemawat2009tcmalloc,
  title={Tcmalloc: Thread-caching malloc},
  author={Ghemawat, Sanjay and Menage, Paul},
  year={2009},
  howpublished={\url{http://goog-perftools.sourceforge.net/doc/tcmalloc.html}}
}

@inproceedings{haller2013mempick,
  title={Mempick: High-level data structure detection in c/c++ binaries},
  author={Haller, Istvan and Slowinska, Asia and Bos, Herbert},
  booktitle={Reverse Engineering (WCRE), 2013 20th Working Conference on},
  pages={32--41},
  year={2013},
  organization={IEEE}
}

@inproceedings{hasabnis2012light,
  title={Light-weight bounds checking},
  author={Hasabnis, Niranjan and Misra, Ashish and Sekar, R},
  booktitle={Proceedings of the Tenth International Symposium on Code Generation and Optimization},
  pages={135--144},
  year={2012},
  organization={ACM}
}

@article{henning2006spec,
	title = {SPEC CPU2006 benchmark descriptions},
	author = {Henning, John L},
	journal = {ACM SIGARCH Computer Architecture News},
	volume = {34},
	number = {4},
	pages = {1--17},
	year = {2006},
	publisher = {ACM},
}

@inproceedings{kuznetsov2014cpi,
 author = {Kuznetsov, Volodymyr and Szekeres, L\'{a}szl\'{o} and Payer, Mathias and Candea, George and Sekar, R. and Song, Dawn},
 title = {Code-pointer Integrity},
 booktitle = {Proceedings of the 11th USENIX Conference on Operating Systems Design and Implementation},
 series = {OSDI'14},
 year = {2014},
 isbn = {978-1-931971-16-4},
 location = {Broomfield, CO},
 pages = {147--163},
 numpages = {17},
 url = {http://dl.acm.org/citation.cfm?id=2685048.2685061},
 acmid = {2685061},
 publisher = {USENIX Association},
 address = {Berkeley, CA, USA},
}

@inproceedings{lattner2007making,
  title={Making context-sensitive points-to analysis with heap cloning practical for the real world},
  author={Lattner, Chris and Lenharth, Andrew and Adve, Vikram},
  booktitle={ACM SIGPLAN Notices},
  volume={42},
  number={6},
  pages={278--289},
  year={2007},
  organization={ACM}
}

@inproceedings{lee2015preventing,
  title={Preventing use-after-free with dangling pointers nullification},
  author={Lee, Byoungyoung and Song, Chengyu and Jang, Yeongjin and Wang, Tielei and Kim, Taesoo and Lu, Long and Lee, Wenke},
  booktitle={Proceedings of the 2015 Internet Society Symposium on Network and Distributed Systems Security},
  year={2015}
}

@inproceedings{lee2015type,
  title={Type casting verification: Stopping an emerging attack vector},
  author={Lee, Byoungyoung and Song, Chengyu and Kim, Taesoo and Lee, Wenke},
  booktitle={24th USENIX Security Symposium (USENIX Security 15)},
  pages={81--96},
  year={2015},
  organization={USENIX Association}
}

@inproceedings{rafkind2009precise,
  title={Precise garbage collection for C},
  author={Rafkind, Jon and Wick, Adam and Regehr, John and Flatt, Matthew},
  booktitle={Proceedings of the 2009 international symposium on Memory management},
  pages={39--48},
  year={2009},
  organization={ACM}
}

@inproceedings{schuster2015counterfeit,
  title={Counterfeit object-oriented programming: On the difficulty of preventing code reuse attacks in C++ applications},
  author={Schuster, Felix and Tendyck, Thomas and Liebchen, Christopher and Davi, Lucas and Sadeghi, Ahmad-Reza and Holz, Thorsten},
  booktitle={Security and Privacy (SP), 2015 IEEE Symposium on},
  pages={745--762},
  year={2015},
  organization={IEEE}
}

@inproceedings{tice2014enforcing,
  title={Enforcing forward-edge control-flow integrity in gcc \& llvm},
  author={Tice, Caroline and Roeder, Tom and Collingbourne, Peter and Checkoway, Stephen and Erlingsson, {\'U}lfar and Lozano, Luis and Pike, Geoff},
  booktitle={USENIX Security Symposium},
  year={2014}
}

@inproceedings{younan2015freesentry,
  title={FreeSentry: Protecting Against Use-After-Free Vulnerabilities Due to Dangling Pointers},
  author={Younan, Yves},
  booktitle={Proceedings of the 2015 Internet Society Symposium on Network and Distributed Systems Security},
  year={2015}
}
